@book{kniberg11,
   author = "Henrik, Kniberg",
   title  = "Lean from the Trenches: Managing Large-Scale Projects with Kanban",
   year   = "2011",
   publisher = "Pragmatic Bookshelf",
}

@book{cohn04,
   author = "Mike, Cohn",
   title  = "User Stories Applied: For Agile Software Development",
   year   = "2004",
   publisher = "Addison-Wesley",
}

@book{corbet05,
   author = "Jonathan, Corbet and Alessandro, Rubini and Greg, Kroah-Hartman",
   title  = "Linux Device Drivers",
   year   = "2005",
   publisher = "O'Reilly",
}


@book{love10,
   author = "Robert, Love",
   title  = "Linux Kernel Development",
   year   = "2010",
   publisher = "Addison-Wesley",
}

@techreport{thaler14,
    author = "M., Thaler and A., Schmid",
    title = "Praktikum Treiber",
    institution = "ZHAW",
    year = "2014",
}

@misc{lkcs,
   title = "Linux Kernel Coding Style",
   url = "https://www.kernel.org/doc/Documentation/CodingStyle",
}

@book{bloom56,
   author = "B.S., Bloom. and M.D., Engelhart and E.J., Furst and W.H., Hill and D.R., Krathwohl",
   title  = "Taxonomy of educational objectives: The classification of educational goals.",
   year   = "1959",
}


